{
  "leader": "05620cam a2200517 a 4500",
  "fields": [
    {
      "001": "ocm41482317\\"
    },
    {
      "003": "OCoLC"
    },
    {
      "005": "20220708094242.0"
    },
    {
      "008": "990524s2000\\\\\\\\enk\\\\\\\\\\\\b\\\\\\\\001\\0\\eng\\\\"
    },
    {
      "010": {
        "ind1": "\\",
        "ind2": "\\",
        "subfields": [
          {
            "a": "   99034665 "
          }
        ]
      }
    },
    {
      "040": {
        "ind1": "\\",
        "ind2": "\\",
        "subfields": [
          {
            "a": "DLC"
          },
          {
            "b": "eng"
          },
          {
            "c": "DLC"
          },
          {
            "d": "UKM"
          },
          {
            "d": "FCI"
          },
          {
            "d": "J2H"
          },
          {
            "d": "LVB"
          },
          {
            "d": "UKV3G"
          },
          {
            "d": "BAKER"
          },
          {
            "d": "NLGGC"
          },
          {
            "d": "TKU"
          },
          {
            "d": "BTCTA"
          },
          {
            "d": "YDXCP"
          },
          {
            "d": "OCLCG"
          },
          {
            "d": "GEBAY"
          },
          {
            "d": "BDX"
          },
          {
            "d": "MHA"
          },
          {
            "d": "OCLCO"
          },
          {
            "d": "BEDGE"
          },
          {
            "d": "OCLCQ"
          },
          {
            "d": "U5D"
          },
          {
            "d": "OCLCF"
          },
          {
            "d": "DEBBG"
          },
          {
            "d": "OCLCQ"
          },
          {
            "d": "UX0"
          },
          {
            "d": "OCLCO"
          },
          {
            "d": "DHA"
          },
          {
            "d": "UKUOY"
          },
          {
            "d": "OCLCQ"
          },
          {
            "d": "OCL"
          },
          {
            "d": "INT"
          },
          {
            "d": "OCLCA"
          },
          {
            "d": "OCLCQ"
          },
          {
            "d": "OCLCA"
          },
          {
            "d": "UKNRU"
          },
          {
            "d": "BDP"
          },
          {
            "d": "DCT"
          },
          {
            "d": "OCLCQ"
          },
          {
            "d": "OCLCA"
          },
          {
            "d": "SNU"
          },
          {
            "d": "OCLCQ"
          },
          {
            "d": "IL4J6"
          },
          {
            "d": "OCLCO"
          },
          {
            "d": "OCLCQ"
          },
          {
            "d": "OCLCO"
          },
          {
            "d": "DCHUA"
          },
          {
            "d": "OCLCO"
          }
        ]
      }
    },
    {
      "019": {
        "ind1": "\\",
        "ind2": "\\",
        "subfields": [
          {
            "a": "43377773"
          },
          {
            "a": "59415361"
          },
          {
            "a": "605211893"
          },
          {
            "a": "614672570"
          },
          {
            "a": "939653957"
          },
          {
            "a": "1000791460"
          },
          {
            "a": "1088462554"
          },
          {
            "a": "1170208918"
          },
          {
            "a": "1282066847"
          }
        ]
      }
    },
    {
      "020": {
        "ind1": "\\",
        "ind2": "\\",
        "subfields": [
          {
            "a": "0521641950"
          },
          {
            "q": "(hardback)"
          }
        ]
      }
    },
    {
      "020": {
        "ind1": "\\",
        "ind2": "\\",
        "subfields": [
          {
            "a": "9780521641951"
          },
          {
            "q": "(hardback)"
          }
        ]
      }
    },
    {
      "020": {
        "ind1": "\\",
        "ind2": "\\",
        "subfields": [
          {
            "a": "0521645743"
          },
          {
            "q": "(pbk.)"
          }
        ]
      }
    },
    {
      "020": {
        "ind1": "\\",
        "ind2": "\\",
        "subfields": [
          {
            "a": "9780521645744"
          },
          {
            "q": "(pbk.)"
          }
        ]
      }
    },
    {
      "035": {
        "ind1": "\\",
        "ind2": "\\",
        "subfields": [
          {
            "a": "(OCoLC)41482317"
          },
          {
            "z": "(OCoLC)43377773"
          },
          {
            "z": "(OCoLC)59415361"
          },
          {
            "z": "(OCoLC)605211893"
          },
          {
            "z": "(OCoLC)614672570"
          },
          {
            "z": "(OCoLC)939653957"
          },
          {
            "z": "(OCoLC)1000791460"
          },
          {
            "z": "(OCoLC)1088462554"
          },
          {
            "z": "(OCoLC)1170208918"
          },
          {
            "z": "(OCoLC)1282066847"
          }
        ]
      }
    },
    {
      "050": {
        "ind1": "0",
        "ind2": "0",
        "subfields": [
          {
            "a": "K3240.4"
          },
          {
            "b": ".F88 2000"
          }
        ]
      }
    },
    {
      "055": {
        "ind1": "\\",
        "ind2": "3",
        "subfields": [
          {
            "a": "K3240.4"
          },
          {
            "b": "F87"
          }
        ]
      }
    },
    {
      "080": {
        "ind1": "\\",
        "ind2": "\\",
        "subfields": [
          {
            "a": "342.7(100)(08)"
          }
        ]
      }
    },
    {
      "082": {
        "ind1": "0",
        "ind2": "0",
        "subfields": [
          {
            "a": "341.481"
          },
          {
            "b": "FUT"
          }
        ]
      }
    },
    {
      "245": {
        "ind1": "0",
        "ind2": "4",
        "subfields": [
          {
            "a": "The future of UN human rights treaty monitoring /"
          },
          {
            "c": "edited by Philip Alston and James Crawford."
          }
        ]
      }
    },
    {
      "260": {
        "ind1": "\\",
        "ind2": "\\",
        "subfields": [
          {
            "a": "Cambridge ;"
          },
          {
            "a": "New York :"
          },
          {
            "b": "Cambridge University Press,"
          },
          {
            "c": "2000."
          }
        ]
      }
    },
    {
      "300": {
        "ind1": "\\",
        "ind2": "\\",
        "subfields": [
          {
            "a": "xxxv, 563 pages ;"
          },
          {
            "c": "23 cm"
          }
        ]
      }
    },
    {
      "336": {
        "ind1": "\\",
        "ind2": "\\",
        "subfields": [
          {
            "a": "text"
          },
          {
            "b": "txt"
          },
          {
            "2": "rdacontent"
          }
        ]
      }
    },
    {
      "337": {
        "ind1": "\\",
        "ind2": "\\",
        "subfields": [
          {
            "a": "unmediated"
          },
          {
            "b": "n"
          },
          {
            "2": "rdamedia"
          }
        ]
      }
    },
    {
      "338": {
        "ind1": "\\",
        "ind2": "\\",
        "subfields": [
          {
            "a": "volume"
          },
          {
            "b": "nc"
          },
          {
            "2": "rdacarrier"
          }
        ]
      }
    },
    {
      "504": {
        "ind1": "\\",
        "ind2": "\\",
        "subfields": [
          {
            "a": "Includes bibliographical references and index."
          }
        ]
      }
    },
    {
      "505": {
        "ind1": "0",
        "ind2": "\\",
        "subfields": [
          {
            "a": "The UN human rights treaty system : a system in crisis? / James Crawford -- Part A. The UN human rights monitoring system in action. Individual claims in a world of massive violations : what role for the Human Rights Committee? / Henry J. Steiner -- Decision-taking in the committee on the elimination of racial discrimination / Michael Banton -- The Committee on the Elimination of Discrimination against Women at the crossroads / Mara R. Bustelo -- The reporting process under the Convention on the Rights of the Child / Gerison Lansdown -- The Committee on Economic, Social and Cultural Rights : catalyst for change in a system needing reform / Scott Leckie -- Country--oriented procedures under the Convention against Torture : towards a new dynamism / Roland Bank -- UN human rights reporting procedures : an NGO perspective / Andrew Clapham -- Part B. National influences and responses. Making human rights treaty obligations a reality : working with new actors and partners / Anne Gallagher -- Domestic implementation of international human rights treaties : Nordic and Baltic experiences / Martin Scheinin -- The domestic impact of international human rights standards : the Japanese experience / Yuji Iwasawa -- The role of human rights treaty standards in domestic law : the Southern African experience / John Dugard -- Uses and abuses of the treaty reporting procedure : Hong Kong between two systems / Andrew Byrnes -- The United States and the international human rights treaty system : for export only? / Stefanie Grant -- Part C. Regional and sectoral comparisons. Reporting in the Inter-American system of human rights protection / Anto\u0302nio Augusto Canc\u0327ado Trindade -- Lessons from the reporting system of the European Social Charter / David Harris -- The role of reporting in international environmental treaties : lessons for human rights supervision / Daniel Bodansky -- Part D. Common challenges for the treaty bodies. The problem of overlapping among different treaty bodies / Eric Tistounet -- Bodies of knowledge: a diversity promotion role for the UN High Commissioner for Human Rights / Craig Scott -- Treaty bodies responding to states of emergency : the case of Bosnia and Herzegovina / Michael O'Flaherty -- Ensuring effective supervisory procedures : the need for resources / Elizabeth Evatt -- Servicing and financing human rights supervision / Markus Schmidt -- Part E. Looking to the future. Beyond 'them' and 'us' : putting treaty body reform into perspective / Philip Alston."
          }
        ]
      }
    },
    {
      "520": {
        "ind1": "1",
        "ind2": "\\",
        "subfields": [
          {
            "a": "\"Every state in the world has undertaken human rights obligations on the basis of UN treaties. The six treaty bodies that monitor and evaluate state policies and practices play a vital role, but the whole system has been stretched almost to breaking point.\" \"This volume contains detailed analyses of the strengths and weaknesses of the system, written by many leading participants in the work of the treaty bodies. Their recommendations provide a blueprint for far-reaching reform of a system of major importance for the future of international efforts to protect human rights.\"--Jacket."
          }
        ]
      }
    },
    {
      "610": {
        "ind1": "2",
        "ind2": "0",
        "subfields": [
          {
            "a": "United Nations"
          },
          {
            "x": "Commissions."
          }
        ]
      }
    },
    {
      "650": {
        "ind1": "\\",
        "ind2": "0",
        "subfields": [
          {
            "a": "Human rights monitoring."
          }
        ]
      }
    },
    {
      "650": {
        "ind1": "\\",
        "ind2": "0",
        "subfields": [
          {
            "a": "Human rights."
          }
        ]
      }
    },
    {
      "650": {
        "ind1": "\\",
        "ind2": "2",
        "subfields": [
          {
            "a": "Human Rights"
          }
        ]
      }
    },
    {
      "610": {
        "ind1": "2",
        "ind2": "7",
        "subfields": [
          {
            "a": "United Nations."
          },
          {
            "2": "fast"
          },
          {
            "0": "(OCoLC)fst00530351"
          }
        ]
      }
    },
    {
      "650": {
        "ind1": "\\",
        "ind2": "7",
        "subfields": [
          {
            "a": "Human rights monitoring."
          },
          {
            "2": "fast"
          },
          {
            "0": "(OCoLC)fst01741244"
          }
        ]
      }
    },
    {
      "700": {
        "ind1": "1",
        "ind2": "\\",
        "subfields": [
          {
            "a": "Alston, Philip."
          }
        ]
      }
    },
    {
      "700": {
        "ind1": "1",
        "ind2": "\\",
        "subfields": [
          {
            "a": "Crawford, James,"
          },
          {
            "d": "1948-"
          }
        ]
      }
    },
    {
      "856": {
        "ind1": "4",
        "ind2": "1",
        "subfields": [
          {
            "3": "Sample text"
          },
          {
            "u": "http://catdir.loc.gov/catdir/samples/cam032/99034665.html"
          }
        ]
      }
    },
    {
      "856": {
        "ind1": "4",
        "ind2": "1",
        "subfields": [
          {
            "3": "Table of contents"
          },
          {
            "u": "http://lcweb.loc.gov/catdir/toc/99034665.html"
          }
        ]
      }
    },
    {
      "856": {
        "ind1": "4",
        "ind2": "1",
        "subfields": [
          {
            "3": "Table of contents"
          },
          {
            "u": "http://bvbr.bib-bvb.de:8991/F?func=service&doc_library=BVB01&local_base=BVB01&doc_number=009019573&line_number=0001&func_code=DB_RECORDS&service_type=MEDIA"
          }
        ]
      }
    },
    {
      "856": {
        "ind1": "4",
        "ind2": "1",
        "subfields": [
          {
            "3": "Table of contents"
          },
          {
            "u": "http://catdir.loc.gov/catdir/toc/99034665.html"
          }
        ]
      }
    },
    {
      "856": {
        "ind1": "4",
        "ind2": "2",
        "subfields": [
          {
            "3": "Publisher description"
          },
          {
            "u": "http://catdir.loc.gov/catdir/description/cam0210/99034665.html"
          }
        ]
      }
    },
    {
      "994": {
        "ind1": "\\",
        "ind2": "\\",
        "subfields": [
          {
            "a": "Z0"
          },
          {
            "b": "NYRVC"
          }
        ]
      }
    },
    {
      "948": {
        "ind1": "\\",
        "ind2": "\\",
        "subfields": [
          {
            "h": "NO HOLDINGS IN NYRVC - 552 OTHER HOLDINGS"
          }
        ]
      }
    },
    {
      "999": {
        "ind1": "\\",
        "ind2": "\\",
        "subfields": [
          {
            "a": "00000000019088"
          }
        ]
      }
    }
  ]
}